@ARTICLE{2005ApJ...635..931B,
   author = {{Bullock}, J.~S. and {Johnston}, K.~V.},
    title = "{Tracing Galaxy Formation with Stellar Halos. I. Methods}",
  journal = {apj},
   eprint = {astro-ph/0506467},
 keywords = {Cosmology: Dark Matter, Galaxies: Dwarf, Galaxies: Evolution, Galaxies: Formation, Galaxies: Halos, Galaxies: Kinematics and Dynamics, Galaxy: Evolution, Galaxy: Formation, Galaxy: Halo, Galaxy: Kinematics and Dynamics, Galaxies: Local Group},
     year = 2005,
    month = dec,
   volume = 635,
    pages = {931-949},
      doi = {10.1086/497422},
   adsurl = {http://adsabs.harvard.edu/abs/2005ApJ...635..931B},
  adsnote = {Provided by the SAO/NASA Astrophysics Data System}
}
@ARTICLE{2005ApJ...632..872R,
   author = {{Robertson}, B. and {Bullock}, J.~S. and {Font}, A.~S. and {Johnston}, K.~V. and 
  {Hernquist}, L.},
    title = "{{$\Lambda$} Cold Dark Matter, Stellar Feedback, and the Galactic Halo Abundance Pattern}",
  journal = {apj},
   eprint = {astro-ph/0501398},
 keywords = {Galaxies: Dwarf, Galaxies: Evolution, Galaxies: Formation, Galaxy: Abundances, Galaxy: Halo},
     year = 2005,
    month = oct,
   volume = 632,
    pages = {872-881},
      doi = {10.1086/452619},
   adsurl = {http://adsabs.harvard.edu/abs/2005ApJ...632..872R},
  adsnote = {Provided by the SAO/NASA Astrophysics Data System}
}
@ARTICLE{2006ApJ...638..585F,
   author = {{Font}, A.~S. and {Johnston}, K.~V. and {Bullock}, J.~S. and 
  {Robertson}, B.~E.},
    title = "{Chemical Abundance Distributions of Galactic Halos and Their Satellite Systems in a {$\Lambda$}CDM Universe}",
  journal = {apj},
   eprint = {astro-ph/0507114},
 keywords = {Cosmology: Theory, Galaxies: Abundances, Galaxies: Evolution},
     year = 2006,
    month = feb,
   volume = 638,
    pages = {585-595},
      doi = {10.1086/498970},
   adsurl = {http://adsabs.harvard.edu/abs/2006ApJ...638..585F},
  adsnote = {Provided by the SAO/NASA Astrophysics Data System}
}
@ARTICLE{2013arXiv1305.5425S,
   author = {{Spergel}, D. and {Gehrels}, N. and {Breckinridge}, J. and {Donahue}, M. and 
  {Dressler}, A. and {Gaudi}, B.~S. and {Greene}, T. and {Guyon}, O. and 
  {Hirata}, C. and {Kalirai}, J. and {Kasdin}, N.~J. and {Moos}, W. and 
  {Perlmutter}, S. and {Postman}, M. and {Rauscher}, B. and {Rhodes}, J. and 
  {Wang}, Y. and {Weinberg}, D. and {Centrella}, J. and {Traub}, W. and 
  {Baltay}, C. and {Colbert}, J. and {Bennett}, D. and {Kiessling}, A. and 
  {Macintosh}, B. and {Merten}, J. and {Mortonson}, M. and {Penny}, M. and 
  {Rozo}, E. and {Savransky}, D. and {Stapelfeldt}, K. and {Zu}, Y. and 
  {Baker}, C. and {Cheng}, E. and {Content}, D. and {Dooley}, J. and 
  {Foote}, M. and {Goullioud}, R. and {Grady}, K. and {Jackson}, C. and 
  {Kruk}, J. and {Levine}, M. and {Melton}, M. and {Peddie}, C. and 
  {Ruffa}, J. and {Shaklan}, S.},
    title = "{WFIRST-2.4: What Every Astronomer Should Know}",
  journal = {ArXiv e-prints},
archivePrefix = "arXiv",
   eprint = {1305.5425},
 primaryClass = "astro-ph.IM",
 keywords = {Astrophysics - Instrumentation and Methods for Astrophysics},
     year = 2013,
    month = may,
   adsurl = {http://adsabs.harvard.edu/abs/2013arXiv1305.5425S},
  adsnote = {Provided by the SAO/NASA Astrophysics Data System}
}
@ARTICLE{2013AJ....145..101K,
   author = {{Karachentsev}, I.~D. and {Makarov}, D.~I. and {Kaisina}, E.~I.
  },
    title = "{Updated Nearby Galaxy Catalog}",
  journal = {aj},
archivePrefix = "arXiv",
   eprint = {1303.5328},
 primaryClass = "astro-ph.CO",
 keywords = {galaxies: distances and redshifts, galaxies: fundamental parameters},
     year = 2013,
    month = apr,
   volume = 145,
      eid = {101},
    pages = {101},
      doi = {10.1088/0004-6256/145/4/101},
   adsurl = {http://adsabs.harvard.edu/abs/2013AJ....145..101K},
  adsnote = {Provided by the SAO/NASA Astrophysics Data System}
}
@ARTICLE{2015arXiv150303757S,
   author = {{Spergel}, D. and {Gehrels}, N. and {Baltay}, C. and {Bennett}, D. and 
  {Breckinridge}, J. and {Donahue}, M. and {Dressler}, A. and 
  {Gaudi}, B.~S. and {Greene}, T. and {Guyon}, O. and {Hirata}, C. and 
  {Kalirai}, J. and {Kasdin}, N.~J. and {Macintosh}, B. and {Moos}, W. and 
  {Perlmutter}, S. and {Postman}, M. and {Rauscher}, B. and {Rhodes}, J. and 
  {Wang}, Y. and {Weinberg}, D. and {Benford}, D. and {Hudson}, M. and 
  {Jeong}, W.-S. and {Mellier}, Y. and {Traub}, W. and {Yamada}, T. and 
  {Capak}, P. and {Colbert}, J. and {Masters}, D. and {Penny}, M. and 
  {Savransky}, D. and {Stern}, D. and {Zimmerman}, N. and {Barry}, R. and 
  {Bartusek}, L. and {Carpenter}, K. and {Cheng}, E. and {Content}, D. and 
  {Dekens}, F. and {Demers}, R. and {Grady}, K. and {Jackson}, C. and 
  {Kuan}, G. and {Kruk}, J. and {Melton}, M. and {Nemati}, B. and 
  {Parvin}, B. and {Poberezhskiy}, I. and {Peddie}, C. and {Ruffa}, J. and 
  {Wallace}, J.~K. and {Whipple}, A. and {Wollack}, E. and {Zhao}, F.
  },
    title = "{Wide-Field InfrarRed Survey Telescope-Astrophysics Focused Telescope Assets WFIRST-AFTA 2015 Report}",
  journal = {ArXiv e-prints},
archivePrefix = "arXiv",
   eprint = {1503.03757},
 primaryClass = "astro-ph.IM",
 keywords = {Astrophysics - Instrumentation and Methods for Astrophysics},
     year = 2015,
    month = mar,
   adsurl = {http://adsabs.harvard.edu/abs/2015arXiv150303757S},
  adsnote = {Provided by the SAO/NASA Astrophysics Data System}
}
@ONLINE{Sharma:2011:Online,
  author = {Sharma, S., Bland-Hawthorn, J., Johnston, K. V., Binney},
  title = {Galaxia is a code written in C++ {http://galaxia.sourceforge.net/}},
  month = jan,
  year = {2011},
  url = {http://galaxia.sourceforge.net/}
}